@book{CALFEM,
title = "CALFEM - A Finite Element Toolbox version 3.4",
author = "Austrell, Per-Erik and Dahlblom, Ola and Lindemann, Jonas and Olsson, Anders and Olsson, Karl-Gunnar and Persson, Kent and Petersson, Hans and Ristinmaa, Matti and Sandberg, GÃ¶ran and Wernberg, Per-Anders",
year = "2004",
publisher = "Studentlitteratur",
organization = "The Division of Structural Mechanics, Lund University"
}

@article{JournalArticle,
title = "The title of the referenced work",
journal = "Journal of Thesis Templates",
volume = "129",
number = "3",
pages = "51-75",
year = "1989",
doi = "10.1016/1234155153",
author = "Author, A. and Author, B. and Author, C."
}

@inproceedings{Conference,
author = "Author, A. and Author, B. and Author, C.",
year = "1997",
title = "Conference paper on thesis templates",
pages = "1007-1025",
editor = "Editor, A. and Editor, B.",
booktitle = "5th conference on thesis templates",
}

@phdthesis{Thesis,
author = "Firstname Surname",
year = "1996",
title = "This a title of a Thesis",
school = "University of Templates"
}



